@article{dongarra2003linpack,
  title={The LINPACK benchmark: past, present and future},
  author={Dongarra, Jack J and Luszczek, Piotr and Petitet, Antoine},
  journal={Concurrency and Computation: practice and experience},
  volume={15},
  number={9},
  pages={803--820},
  year={2003},
  publisher={Wiley Online Library}
}

@article{devlin2018bert,
  title={Bert: Pre-training of deep bidirectional transformers for language understanding},
  author={Devlin, Jacob and Chang, Ming-Wei and Lee, Kenton and Toutanova, Kristina},
  journal={arXiv preprint arXiv:1810.04805},
  year={2018}
}

@inproceedings{luszczek2006hpc,
  title={The HPC Challenge (HPCC) benchmark suite},
  author={Luszczek, Piotr R and Bailey, David H and Dongarra, Jack J and Kepner, Jeremy and Lucas, Robert F and Rabenseifner, Rolf and Takahashi, Daisuke},
  booktitle={Proceedings of the 2006 ACM/IEEE conference on Supercomputing},
  volume={213},
  number={10.1145},
  pages={1188455--1188677},
  year={2006},
  organization={Citeseer}
}